@article{1,
author = {J.R. Marsh},
title = {The capture and utilization of experience in engineering design {[M]}},
type = {book},
school = {Cambridge University},
address={Cambridge University, Cambridge, England}
}

@article{2,
  title={计算机辅助机械产品概念设计研究综述{[J]}},
  author={{舒慧林, 刘继红,钟毅芳}},
  journal={计算机辅助设计与图形学学报},
  volume={12},
  number={12},
  pages={947--954},
  year={2000},
  publisher={万方数据资源系统}
}
@article{3,
  title={A translation approach to portable ontology specifications{[J]}},
  author={Gruber, Thomas R, others},
  journal={Knowledge acquisition},
  volume={5},
  number={2},
  pages={199--220},
  year={1993},
  publisher={Academic Press}
}
@misc{4,
  title={Lucene 实战{[M]}},
  author={McCandless, Michael and Hatcher, Erik and Gospodnetic, Otis},
  year={2011},
  publisher={北京: 人民邮电出版社}
}
@article{5,
  title={Yago: A large ontology from wikipedia and wordnet{[J]}},
  author={Suchanek, Fabian M and Kasneci, Gjergji and Weikum, Gerhard},
  journal={Web Semantics: Science, Services and Agents on the World Wide Web},
  volume={6},
  number={3},
  pages={203--217},
  year={2008},
  publisher={Elsevier}
}
@article{6,
  title={Gene Ontology: tool for the unification of biology{[J]}},
  author={Ashburner, Michael and Ball, Catherine A and Blake, Judith A and Botstein, David and Butler, Heather and Cherry, J Michael and Davis, Allan P and Dolinski, Kara and Dwight, Selina S and Eppig, Janan T and others},
  journal={Nature genetics},
  volume={25},
  number={1},
  pages={25--29},
  year={2000},
  publisher={Nature Publishing Group}
}
@article{7,
  title={Ontology learning for the semantic web{[J]}},
  author={Maedche, Alexander and Staab, Steffen},
  journal={Intelligent Systems, IEEE},
  volume={16},
  number={2},
  pages={72--79},
  year={2001},
  publisher={IEEE}
}
@article{8,
  title={OWL web ontology language overview{[J]}},
  author={McGuinness, Deborah L and Van Harmelen, Frank and others},
  journal={W3C recommendation},
  volume={10},
  number={2004-03},
  pages={10},
  year={2004}
}
@article{9,
  title={基于本体的可重构知识管理平台{[J]}},
  author={{王英林, 王卫东, 王宗江, 佟平, 许萌, 张申生, 张亚莉}},
  journal={计算机集成制造系统},
  volume={9},
  number={12},
  year={2003}
}
@article{10,
  title={基于本体的需求自动获取{[J]}},
  author={金芝},
  journal={计算机学报},
  volume={23},
  number={5},
  pages={486--492},
  year={2000},
  publisher={万方数据资源系统}
}
@article{11,
  title={构建知识本体方法体系的比较研究{[J]}},
  author={{李景, 孟连生}},
  journal={现代图书情报技术},
  volume={7},
  pages={17--22},
  year={2004},
  publisher={万方数据资源系统}
}
@inproceedings{12,
  title={Semantic search{[M]}},
  author={Guha, Ramanathan and McCool, Rob and Miller, Eric},
  booktitle={Proceedings of the 12th international conference on World Wide Web},
  pages={700--709},
  year={2003},
  organization={ACM}
}
@incollection{13,
  title={Ontology-based interpretation of keywords for semantic search{[M]}},
  author={Tran, Thanh and Cimiano, Philipp and Rudolph, Sebastian and Studer, Rudi},
  booktitle={The Semantic Web},
  pages={523--536},
  year={2007},
  publisher={Springer}
}
@incollection{14,
  title={SPARK: adapting keyword query to semantic search{[M]}},
  author={Zhou, Qi and Wang, Chong and Xiong, Miao and Wang, Haofen and Yu, Yong},
  booktitle={The Semantic Web},
  pages={694--707},
  year={2007},
  publisher={Springer}
}
@inproceedings{15,
  title={Swoogle: a search and metadata engine for the semantic web{[M]}},
  author={Ding, Li and Finin, Tim and Joshi, Anupam and Pan, Rong and Cost, R Scott and Peng, Yun and Reddivari, Pavan and Doshi, Vishal and Sachs, Joel},
  booktitle={Proceedings of the thirteenth ACM international conference on Information and knowledge management},
  pages={652--659},
  year={2004},
  organization={ACM}
}
@incollection{16,
  title={An ontology-based information retrieval model{[M]}},
  author={Vallet, David and Fern{\'a}ndez, Miriam and Castells, Pablo},
  booktitle={The Semantic Web: Research and Applications},
  pages={455--470},
  year={2005},
  publisher={Springer}
}
@article{17,
  title={Ontology-guided knowledge retrieval in an automobile assembly environment{[J]}},
  author={Chakrabarty, Sugato and Chougule, Rahul and Lesperance, Ronald M},
  journal={The International Journal of Advanced Manufacturing Technology},
  volume={44},
  number={11-12},
  pages={1237--1249},
  year={2009},
  publisher={Springer}
}
@inproceedings{18,
  title={Developing ontologies for engineering information retrieval{[M]}},
  author={Li, Zhanjun and Raskin, Victor and Ramani, Karthik},
  booktitle={Proceedings of the ASME},
  pages={4--7},
  year={2007}
}
@article{19,
  title={A concept-based information retrieval approach for engineering domain-specific technical documents{[J]}},
  author={Lin, Hsien-Tang and Chi, Nai-Wen and Hsieh, Shang-Hsien},
  journal={Advanced Engineering Informatics},
  volume={26},
  number={2},
  pages={349--360},
  year={2012},
  publisher={Elsevier Science Publishers BV}
}
@inproceedings{20,
  title={Ontology-based categorization of web search results using YAGO{[M]}},
  author={Ren, Anjian and Du, Xiaoyong and Wang, Puwei},
  booktitle={Computational Sciences and Optimization, 2009. CSO 2009. International Joint Conference on},
  volume={1},
  pages={800--804},
  year={2009},
  organization={IEEE}
}
@article{21,
  title={Development of a product configuration system with an ontology-based approach{[J]}},
  author={Yang, Dong and Dong, Ming and Miao, Rui},
  journal={Computer-Aided Design},
  volume={40},
  number={8},
  pages={863--878},
  year={2008},
  publisher={Elsevier}
}
@article{22,
  title={零件库中基于本体的智能搜索引擎的研究与实现{[J]}},
  author={{郭剑锋, 顾新建, 祁国宁, 王生发, 马军}},
  journal={浙江大学学报: 工学版},
  volume={41},
  number={4},
  pages={639--645},
  year={2007}
}
@misc{23,
  title={信息检索导论{[M]}},
  author={Manning, Christopher D and Raghavan, Prabhakar and Schutze, Hinrich},
  year={2010},
  publisher={北京: 人民邮电出版社},
  pages={1}
}
@misc{24,
  title={信息检索：算法与启发式方法{[M]}},
  author={David, A.Grossman and Ophir, Frieder},
  year={2010},
  publisher={北京：人民邮电出版社},
  pages={9},
}
@phdthesis{25,
  title={基于内容的三维模型搜索引擎技术研究与系统开发{[D]}},
  author={李成刚},
  year={2011},
  school={北京: 清华大学}
}
@article{salton1970,
  title={Automatic text processing{[J]}},
  author={Salton, Gerald},
  journal={Science},
  volume={168},
  number={3929},
  pages={335--343},
  year={1970}
}
@article{salton1975,
  title={A vector space model for automatic indexing{[J]}},
  author={Salton, Gerard and Wong, Anita and Yang, Chung-Shu},
  journal={Communications of the ACM},
  volume={18},
  number={11},
  pages={613--620},
  year={1975},
  publisher={ACM}
}
@article{robertson1976,
  title={Relevance weighting of search terms{[J]}},
  author={Robertson, Stephen E and Jones, K Sparck},
  journal={Journal of the American Society for Information science},
  volume={27},
  number={3},
  pages={129--146},
  year={1976},
  publisher={Wiley Online Library}
}
@inproceedings{ponte1998,
  title={A language modeling approach to information retrieval{[M]}},
  author={Ponte, Jay M and Croft, W Bruce},
  booktitle={Proceedings of the 21st annual international ACM SIGIR conference on Research and development in information retrieval},
  pages={275--281},
  year={1998},
  organization={ACM}
}
@book{Chen2010,
  title={知识工程与知识管理{[M]}},
  author={{陈文伟, 陈晟}},
  isbn={9787302219644},
  series={计算机科学与技术学科前沿丛书},
  year={2010},
  publisher={清华大学出版社}
}
@article{gruber1993,
  title={What is an Ontology?{[J]}},
  author={Gruber, Tom},
  journal={Knowledge Acquisition},
  volume={5},
  number={2},
  pages={199--220},
  year={1993}
}
@article{w3c,
  title={Resource description framework (RDF): Concepts and abstract syntax{[J]}},
  author={Klyne, Graham and Carroll, Jeremy J and McBride, Brian},
  journal={W3C recommendation},
  volume={10},
  year={2004}
}
@book{buttcher2010information,
  title={Information retrieval: Implementing and evaluating search engines{[M]}},
  author={B{\"u}ttcher, Stefan and Clarke, Charles and Cormack, Gordon V},
  year={2010},
  publisher={The MIT Press}
}
@book{li2008,
  title={轻量级 Java EE 企业应用实战: Struts 2+ Spring+ Hibernate 整合开发{[M]}},
  author={李刚},
  year={2008},
  publisher={电子工业出版社}
}
@book{extjs,
  title={ExtJS 开发实战{[M]}},
  author={钟协良},
  year={2012},
  publisher={清华大学出版社}
}
@book{2005shen,
  title={机械原理教程{[M]}},
  author={申永胜},
  year={2005},
  publisher={清华大学出版社}
}
@book{2008liu,
  title={机械设计教程{[M]}},
  author={刘向锋},
  year={2008},
  publisher={清华大学出版社}
}